@ARTICLE{7372430, 
author={S. M. NÃ¸rholm and J. R. Jensen and M. G. Christensen}, 
journal={IEEE/ACM Transactions on Audio, Speech, and Language Processing}, 
title={Enhancement and Noise Statistics Estimation for Non-Stationary Voiced Speech}, 
year={2016}, 
volume={24}, 
number={4}, 
pages={645-658}, 
keywords={Wiener filters;covariance matrices;speech enhancement;statistical analysis;LCMV filter;PSD based covariance matrix;Wiener filter;amplitude and phase estimation filter;harmonic chirp APES based filter;harmonic linear chirp model;linearly constrained minimum variance filter;noise statistics estimation;nonstationary voiced speech;output signal-to-noise ratio;power spectral density based noise covariance matrix estimate;signal reduction factor;single channel speech enhancement;Chirp;Covariance matrices;Harmonic analysis;Signal to noise ratio;Speech;Speech enhancement;Time-frequency analysis;Chirp model;Speech enhancement;chirp model;harmonic signal model;non-stationary speech;speech enhancement}, 
doi={10.1109/TASLP.2016.2514492}, 
ISSN={2329-9290}, 
month={April},}

@article{DBLP:journals/taslp/NorholmJC16,
	author    = {Sidsel Marie N{\o}rholm and
	Jesper Rindom Jensen and
	Mads Gr{\ae}sb{\o}ll Christensen},
	title     = {Enhancement and Noise Statistics Estimation for Non-Stationary Voiced
	Speech},
	journal   = {{IEEE/ACM} Trans. Audio, Speech {\&} Language Processing},
	volume    = {24},
	number    = {4},
	pages     = {645--658},
	year      = {2016},
	url       = {http://dx.doi.org/10.1109/TASLP.2016.2514492},
	doi       = {10.1109/TASLP.2016.2514492},
	timestamp = {Wed, 30 Mar 2016 18:10:48 +0200},
	biburl    = {http://dblp.uni-trier.de/rec/bib/journals/taslp/NorholmJC16},
	bibsource = {dblp computer science bibliography, http://dblp.org}
}

@inproceedings{DBLP:conf/icira/SulistijonoUD16,
	author    = {Indra Adji Sulistijono and
	Renita Chulafa Urrosyda and
	Zaqiatud Darojah},
	editor    = {Naoyuki Kubota and
	Kazuo Kiguchi and
	Honghai Liu and
	Takenori Obo},
	title     = {Mel-Frequency Cepstral Coefficient {(MFCC)} for Music Feature Extraction
	for the Dancing Robot Movement Decision},
	booktitle = {Intelligent Robotics and Applications - 9th International Conference,
	{ICIRA} 2016, Tokyo, Japan, August 22-24, 2016, Proceedings, Part
	{II}},
	series    = {Lecture Notes in Computer Science},
	volume    = {9835},
	pages     = {283--294},
	publisher = {Springer},
	year      = {2016},
	url       = {http://dx.doi.org/10.1007/978-3-319-43518-3_28},
	doi       = {10.1007/978-3-319-43518-3_28},
	timestamp = {Wed, 03 Aug 2016 15:01:13 +0200},
	biburl    = {http://dblp.uni-trier.de/rec/bib/conf/icira/SulistijonoUD16},
	bibsource = {dblp computer science bibliography, http://dblp.org}
}

@inproceedings{DBLP:conf/interspeech/LeiL09,
	author    = {Howard Lei and
	Eduardo L{\'{o}}pez Gonzalo},
	title     = {Mel, linear, and antimel frequency cepstral coefficients in broad
	phonetic regions for telephone speaker recognition},
	booktitle = {{INTERSPEECH} 2009, 10th Annual Conference of the International Speech
	Communication Association, Brighton, United Kingdom, September 6-10,
	2009},
	pages     = {2323--2326},
	publisher = {{ISCA}},
	year      = {2009},
	url       = {http://www.isca-speech.org/archive/interspeech_2009/i09_2323.html},
	timestamp = {Wed, 09 Mar 2011 07:41:49 +0100},
	biburl    = {http://dblp.uni-trier.de/rec/bib/conf/interspeech/LeiL09},
	bibsource = {dblp computer science bibliography, http://dblp.org}
}

@misc{ JasonR,
	author = "JasonR",
	title = "Discrete Cosine Transformation And Discrete Fourier Transform",
	year = "2011" }

@article{DBLP:journals/spl/RouxV13,
	author    = {Jonathan Le Roux and
	Emmanuel Vincent},
	title     = {Consistent Wiener Filtering for Audio Source Separation},
	journal   = {{IEEE} Signal Process. Lett.},
	volume    = {20},
	number    = {3},
	pages     = {217--220},
	year      = {2013},
	url       = {http://dx.doi.org/10.1109/LSP.2012.2225617},
	doi       = {10.1109/LSP.2012.2225617},
	timestamp = {Tue, 19 Feb 2013 12:19:11 +0100},
	biburl    = {http://dblp.uni-trier.de/rec/bib/journals/spl/RouxV13},
	bibsource = {dblp computer science bibliography, http://dblp.org}
}

@article{DBLP:journals/ieiceee/Kim15,
	author    = {Gibak Kim},
	title     = {Speech distortion weighted multi-channel Wiener filter and its application
	to speech recognition},
	journal   = {{IEICE} Electronic Express},
	volume    = {12},
	number    = {6},
	pages     = {20150063},
	year      = {2015},
	url       = {http://dx.doi.org/10.1587/elex.12.20150063},
	doi       = {10.1587/elex.12.20150063},
	timestamp = {Tue, 09 Aug 2016 12:48:28 +0200},
	biburl    = {http://dblp.uni-trier.de/rec/bib/journals/ieiceee/Kim15},
	bibsource = {dblp computer science bibliography, http://dblp.org}
}
@article{DBLP:journals/ftsig/GalesY07,
	author    = {Mark J. F. Gales and
	Steve J. Young},
	title     = {The Application of Hidden Markov Models in Speech Recognition},
	journal   = {Foundations and Trends in Signal Processing},
	volume    = {1},
	number    = {3},
	pages     = {195--304},
	year      = {2007},
	url       = {http://dx.doi.org/10.1561/2000000004},
	doi       = {10.1561/2000000004},
	timestamp = {Mon, 28 Mar 2011 09:12:26 +0200},
	biburl    = {http://dblp.uni-trier.de/rec/bib/journals/ftsig/GalesY07},
	bibsource = {dblp computer science bibliography, http://dblp.org}
}

@inproceedings{DBLP:conf/asru/ZhouGDES11,
	author    = {Xinhui Zhou and
	Daniel Garcia{-}Romero and
	Ramani Duraiswami and
	Carol Y. Espy{-}Wilson and
	Shihab A. Shamma},
	editor    = {David Nahamoo and
	Michael Picheny},
	title     = {Linear versus mel frequency cepstral coefficients for speaker recognition},
	booktitle = {2011 {IEEE} Workshop on Automatic Speech Recognition {\&} Understanding,
	{ASRU} 2011, Waikoloa, HI, USA, December 11-15, 2011},
	pages     = {559--564},
	publisher = {{IEEE}},
	year      = {2011},
	url       = {http://dx.doi.org/10.1109/ASRU.2011.6163888},
	doi       = {10.1109/ASRU.2011.6163888},
	timestamp = {Fri, 25 May 2012 12:43:55 +0200},
	biburl    = {http://dblp.uni-trier.de/rec/bib/conf/asru/ZhouGDES11},
	bibsource = {dblp computer science bibliography, http://dblp.org}
}