@article{DBLP:journals/ai/KorfF02,
	author    = {Richard E. Korf and
		Ariel Felner},
	title     = {Disjoint pattern database heuristics},
	journal   = {Artif. Intell.},
	volume    = {134},
	number    = {1-2},
	pages     = {9--22},
	year      = {2002},
	url       = {http://dx.doi.org/10.1016/S0004-3702(01)00092-3},
	doi       = {10.1016/S0004-3702(01)00092-3},
	timestamp = {Wed, 19 Nov 2003 16:01:13 +0100},
	biburl    = {http://dblp.uni-trier.de/rec/bib/journals/ai/KorfF02},
	bibsource = {dblp computer science bibliography, http://dblp.org}
}