@article{DBLP:journals/corr/abs-1107-0050,
	author    = {Ariel Felner and
	Sarit Hanan and
	Richard E. Korf},
	title     = {Additive Pattern Database Heuristics},
	journal   = {CoRR},
	volume    = {abs/1107.0050},
	year      = {2011},
	url       = {http://arxiv.org/abs/1107.0050},
	timestamp = {Mon, 05 Dec 2011 18:05:38 +0100},
	biburl    = {http://dblp.uni-trier.de/rec/bib/journals/corr/abs-1107-0050},
	bibsource = {dblp computer science bibliography, http://dblp.org}
}

 @article{DBLP:journals/ai/KorfF02,
  author    = {Richard E. Korf and
               Ariel Felner},
  title     = {Disjoint pattern database heuristics},
  journal   = {Artif. Intell.},
  volume    = {134},
  number    = {1-2},
  pages     = {9--22},
  year      = {2002},
  url       = {http://dx.doi.org/10.1016/S0004-3702(01)00092-3},
  doi       = {10.1016/S0004-3702(01)00092-3},
  timestamp = {Wed, 19 Nov 2003 16:01:13 +0100},
  biburl    = {http://dblp.uni-trier.de/rec/bib/journals/ai/KorfF02},
  bibsource = {dblp computer science bibliography, http://dblp.org}
}
@article{DBLP:journals/ai/Korf93,
	author    = {Richard E. Korf},
	title     = {Linear-Space Best-First Search},
	journal   = {Artif. Intell.},
	volume    = {62},
	number    = {1},
	pages     = {41--78},
	year      = {1993},
	url       = {http://dx.doi.org/10.1016/0004-3702(93)90045-D},
	doi       = {10.1016/0004-3702(93)90045-D},
	timestamp = {Thu, 30 Jun 2011 16:00:43 +0200},
	biburl    = {http://dblp.uni-trier.de/rec/bib/journals/ai/Korf93},
	bibsource = {dblp computer science bibliography, http://dblp.org}
}

@article{DBLP:journals/ai/KorfRE01,
	author    = {Richard E. Korf and
	Michael Reid and
	Stefan Edelkamp},
	title     = {Time complexity of iterative-deepening-A\({}^{\mbox{*}}\)},
	journal   = {Artif. Intell.},
	volume    = {129},
	number    = {1-2},
	pages     = {199--218},
	year      = {2001},
	url       = {http://dx.doi.org/10.1016/S0004-3702(01)00094-7},
	doi       = {10.1016/S0004-3702(01)00094-7},
	timestamp = {Wed, 19 Nov 2003 16:01:13 +0100},
	biburl    = {http://dblp.uni-trier.de/rec/bib/journals/ai/KorfRE01},
	bibsource = {dblp computer science bibliography, http://dblp.org}
}

@article{DBLP:journals/afp/NordhoffL12,
	author    = {Benedikt Nordhoff and
	Peter Lammich},
	title     = {Dijkstra's Shortest Path Algorithm},
	journal   = {Archive of Formal Proofs},
	volume    = {2012},
	year      = {2012},
	url       = {https://www.isa-afp.org/entries/Dijkstra_Shortest_Path.shtml},
	timestamp = {Mon, 19 Sep 2016 15:58:56 +0200},
	biburl    = {http://dblp.uni-trier.de/rec/bib/journals/afp/NordhoffL12},
	bibsource = {dblp computer science bibliography, http://dblp.org}
}

@inproceedings{DBLP:conf/aaai/HatemKR15,
	author    = {Matthew Hatem and
	Scott Kiesel and
	Wheeler Ruml},
	title     = {Recursive Best-First Search with Bounded Overhead},
	booktitle = {Proceedings of the Twenty-Ninth {AAAI} Conference on Artificial Intelligence,
	January 25-30, 2015, Austin, Texas, {USA.}},
	pages     = {1151--1157},
	year      = {2015},
	crossref  = {DBLP:conf/aaai/2015},
	url       = {http://www.aaai.org/ocs/index.php/AAAI/AAAI15/paper/view/10008},
	timestamp = {Sun, 12 Apr 2015 15:18:08 +0200},
	biburl    = {http://dblp.uni-trier.de/rec/bib/conf/aaai/HatemKR15},
	bibsource = {dblp computer science bibliography, http://dblp.org}
}

@article{DBLP:journals/corr/abs-1107-0050,
	author    = {Ariel Felner and
	Sarit Hanan and
	Richard E. Korf},
	title     = {Additive Pattern Database Heuristics},
	journal   = {CoRR},
	volume    = {abs/1107.0050},
	year      = {2011},
	url       = {http://arxiv.org/abs/1107.0050},
	timestamp = {Mon, 05 Dec 2011 18:05:38 +0100},
	biburl    = {http://dblp.uni-trier.de/rec/bib/journals/corr/abs-1107-0050},
	bibsource = {dblp computer science bibliography, http://dblp.org}
}

@article{DBLP:journals/mima/Korf95,
	author    = {Richard E. Korf},
	title     = {Heuristic evaluation functions in artificial intelligence search algorithms},
	journal   = {Minds and Machines},
	volume    = {5},
	number    = {4},
	pages     = {489--498},
	year      = {1995},
	url       = {http://dx.doi.org/10.1007/BF00974979},
	doi       = {10.1007/BF00974979},
	timestamp = {Wed, 30 Oct 2013 15:42:16 +0100},
	biburl    = {http://dblp.uni-trier.de/rec/bib/journals/mima/Korf95},
	bibsource = {dblp computer science bibliography, http://dblp.org}
}

@article{DBLP:journals/aicom/BorrajoFKLLRS14,
	author    = {Daniel Borrajo and
	Ariel Felner and
	Richard E. Korf and
	Maxim Likhachev and
	Carlos {Linares L{\'{o}}pez} and
	Wheeler Ruml and
	Nathan R. Sturtevant},
	title     = {The Fifth Annual Symposium on Combinatorial Search},
	journal   = {{AI} Commun.},
	volume    = {27},
	number    = {4},
	pages     = {327--328},
	year      = {2014},
	url       = {http://dx.doi.org/10.3233/AIC-140602},
	doi       = {10.3233/AIC-140602},
	timestamp = {Tue, 02 Sep 2014 15:47:35 +0200},
	biburl    = {http://dblp.uni-trier.de/rec/bib/journals/aicom/BorrajoFKLLRS14},
	bibsource = {dblp computer science bibliography, http://dblp.org}
}

@proceedings{DBLP:conf/ai/2014,
	editor    = {Marina Sokolova and
	Peter van Beek},
	title     = {Advances in Artificial Intelligence - 27th Canadian Conference on
	Artificial Intelligence, Canadian {AI} 2014, Montr{\'{e}}al,
	QC, Canada, May 6-9, 2014. Proceedings},
	series    = {Lecture Notes in Computer Science},
	volume    = {8436},
	publisher = {Springer},
	year      = {2014},
	url       = {http://dx.doi.org/10.1007/978-3-319-06483-3},
	doi       = {10.1007/978-3-319-06483-3},
	isbn      = {978-3-319-06482-6},
	timestamp = {Fri, 02 May 2014 13:21:40 +0200},
	biburl    = {http://dblp.uni-trier.de/rec/bib/conf/ai/2014},
	bibsource = {dblp computer science bibliography, http://dblp.org}
}

@inproceedings{DBLP:conf/ccgrid/LinnertSB14,
	author    = {Barry Linnert and
	J{\"{o}}rg Schneider and
	Lars{-}Olof Burchard},
	title     = {Mapping Algorithms Optimizing the Overall Manhattan Distance for Pre-Occupied
	Cluster Computers in SLA-Based Grid Environments},
	booktitle = {14th {IEEE/ACM} International Symposium on Cluster, Cloud and Grid
	Computing, CCGrid 2014, Chicago, IL, USA, May 26-29, 2014},
	pages     = {132--140},
	year      = {2014},
	crossref  = {DBLP:conf/ccgrid/2014},
	url       = {http://dx.doi.org/10.1109/CCGrid.2014.67},
	doi       = {10.1109/CCGrid.2014.67},
	timestamp = {Wed, 20 Jan 2016 09:35:30 +0100},
	biburl    = {http://dblp.uni-trier.de/rec/bib/conf/ccgrid/LinnertSB14},
	bibsource = {dblp computer science bibliography, http://dblp.org}
}

@article{DBLP:journals/ker/Brewka96,
	author    = {Gerd Brewka},
	title     = {\emph{Artificial intelligence - a modern approach} by Stuart Russell
	and Peter Norvig, Prentice Hall. Series in Artificial Intelligence,
	Englewood Cliffs, {NJ}},
	journal   = {Knowledge Eng. Review},
	volume    = {11},
	number    = {1},
	pages     = {78--79},
	year      = {1996},
	url       = {http://dx.doi.org/10.1017/S0269888900007724},
	doi       = {10.1017/S0269888900007724},
	timestamp = {Mon, 05 May 2014 15:40:07 +0200},
	biburl    = {http://dblp.uni-trier.de/rec/bib/journals/ker/Brewka96},
	bibsource = {dblp computer science bibliography, http://dblp.org}
}

@inproceedings{DBLP:conf/socs/Felner15,
	author    = {Ariel Felner},
	editor    = {Levi Lelis and
	Roni Stern},
	title     = {Position Paper: The Collapse Macro in Best-First Search Algorithms
	and an Iterative Variant of {RBFS}},
	booktitle = {Proceedings of the Eighth Annual Symposium on Combinatorial Search,
	{SOCS} 2015, 11-13 June 2015, Ein Gedi, the Dead Sea, Israel.},
	pages     = {28--34},
	publisher = {{AAAI} Press},
	year      = {2015},
	url       = {http://www.aaai.org/ocs/index.php/SOCS/SOCS15/paper/view/10911},
	timestamp = {Fri, 12 Jun 2015 18:29:13 +0200},
	biburl    = {http://dblp.uni-trier.de/rec/bib/conf/socs/Felner15},
	bibsource = {dblp computer science bibliography, http://dblp.org}
}

@book{Newell:1972:HPS:1095704,
	author = {Newell, Allen},
	title = {Human Problem Solving},
	year = {1972},
	isbn = {0134454030},
	publisher = {Prentice-Hall, Inc.},
	address = {Upper Saddle River, NJ, USA},
} 

@inproceedings{DBLP:conf/otm/MeissnerB11,
	author    = {Adam Meissner and
	Grazyna Brzykcy},
	editor    = {Robert Meersman and
	Tharam S. Dillon and
	Pilar Herrero},
	title     = {Reasoning with the Depth-First Iterative Deepening Strategy in the
	DLog System},
	booktitle = {On the Move to Meaningful Internet Systems: {OTM} 2011 Workshops -
	Confederated International Workshops and Posters: {EI2N+NSF} ICE,
	ICSP+INBAST, ISDE, ORM, OTMA, SWWS+MONET+SeDeS, and {VADER} 2011,
	Hersonissos, Crete, Greece, October 17-21, 2011. Proceedings},
	series    = {Lecture Notes in Computer Science},
	volume    = {7046},
	pages     = {504--513},
	publisher = {Springer},
	year      = {2011},
	url       = {http://dx.doi.org/10.1007/978-3-642-25126-9_62},
	doi       = {10.1007/978-3-642-25126-9_62},
	timestamp = {Mon, 31 Oct 2011 12:49:55 +0100},
	biburl    = {http://dblp.uni-trier.de/rec/bib/conf/otm/MeissnerB11},
	bibsource = {dblp computer science bibliography, http://dblp.org}
}

@inproceedings{Hatem:2015:RBS:2887007.2887167,
	author = {Hatem, Matthew and Kiesel, Scott and Ruml, Wheeler},
	title = {Recursive Best-first Search with Bounded Overhead},
	booktitle = {Proceedings of the Twenty-Ninth AAAI Conference on Artificial Intelligence},
	series = {AAAI'15},
	year = {2015},
	isbn = {0-262-51129-0},
	location = {Austin, Texas},
	pages = {1151--1157},
	numpages = {7},
	url = {http://dl.acm.org/citation.cfm?id=2887007.2887167},
	acmid = {2887167},
	publisher = {AAAI Press},
} 


@article{DBLP:journals/ci/CulbersonS98,
	author    = {Joseph C. Culberson and
	Jonathan Schaeffer},
	title     = {Pattern Databases},
	journal   = {Computational Intelligence},
	volume    = {14},
	number    = {3},
	pages     = {318--334},
	year      = {1998},
	url       = {http://dx.doi.org/10.1111/0824-7935.00065},
	doi       = {10.1111/0824-7935.00065},
	timestamp = {Tue, 19 Jan 2010 08:01:59 +0100},
	biburl    = {http://dblp.uni-trier.de/rec/bib/journals/ci/CulbersonS98},
	bibsource = {dblp computer science bibliography, http://dblp.org}
}

@online{WinNT,
	author = {Mark Ryan},
	title = {{Solvability Of Tile Games}THE UNIVERSITY OF BIRMINGHAM
	School of Computer Science },
	year = 2004,
	url = {http://www.cs.bham.ac.uk/~mdr/teaching/modules04/java2/TilesSolvability.html},
	urldate = {2017-02-02}
}


@article{DBLP:journals/jair/FelnerKMH07,
	author    = {Ariel Felner and
	Richard E. Korf and
	Ram Meshulam and
	Robert C. Holte},
	title     = {Compressed Pattern Databases},
	journal   = {J. Artif. Intell. Res. {(JAIR)}},
	volume    = {30},
	pages     = {213--247},
	year      = {2007},
	url       = {http://dx.doi.org/10.1613/jair.2241},
	doi       = {10.1613/jair.2241},
	timestamp = {Fri, 11 Jun 2010 09:51:47 +0200},
	biburl    = {http://dblp.uni-trier.de/rec/bib/journals/jair/FelnerKMH07},
	bibsource = {dblp computer science bibliography, http://dblp.org}
}

@article{hart1968formal,
	title={A formal basis for the heuristic determination of minimum cost paths},
	author={Hart, Peter E and Nilsson, Nils J and Raphael, Bertram},
	journal={IEEE transactions on Systems Science and Cybernetics},
	volume={4},
	number={2},
	pages={100--107},
	year={1968},
	publisher={IEEE}
}

@article{korf1985depth,
	title={Depth-first iterative-deepening: An optimal admissible tree search},
	author={Korf, Richard E},
	journal={Artificial intelligence},
	volume={27},
	number={1},
	pages={97--109},
	year={1985},
	publisher={Elsevier}
}


@inproceedings{felner2015early,
	title={Early Work on Optimization-Based Heuristics for the Sliding Tile Puzzle},
	author={Felner, Ariel},
	booktitle={Workshops at the Twenty-Ninth AAAI Conference on Artificial Intelligence},
	year={2015}
}

@article{culberson1996searching,
	title={Searching with pattern databases},
	author={Culberson, Joseph and Schaeffer, Jonathan},
	journal={Advances in Artifical Intelligence},
	pages={402--416},
	year={1996},
	publisher={Springer}
}

@book{hansson1985generating,
	title={Generating Admissible Heuristics by Criticizing Solutions to Relaxed Models},
	author={Hansson, Othar and Meyer, Andrew E and Yung, Mordechai M},
	year={1985},
	publisher={Department of Computer Science, Columbia University}
}