@Article{HamAndBurger2010,
author = {Ham, Peter and Burger, King},
title = {Brianâ€™s Theorem},
journal = {Journal of Sandwich Mathematics},
year = {2010},
volume = {3},
number = {5},
pages = {10-15},
}